@book{buday:concurrencyGo,
    author  = {Katherine Cox-Buday},
    title   = {Concurrency in Go},
    publisher = {O’Reilly Media, Inc.},
    year    = {2017}
}

@book{kleppmann:dataIntensiveApplication,
    author  = {Martin Kleppmann},
    title   = {Designing Data-Intensive Application},
    publisher = {O’Reilly Media, Inc.},
    year    = {2017}
}

@online{site:goConcurrency,
    title   = {Go - Share by communicating},
    url     = {https://golang.org/doc/effective_go.html#concurrency}
}

@online{site:webSocket,
    title   = {The WebSocket Protocol},
    url     = {https://tools.ietf.org/html/rfc6455}
}

@online{site:goOrigins,
    title   = {Go - Origins},
    url     = {https://golang.org/doc/faq#Origins}
}

@online{site:goTrace,
    title   = {Trace - execution tracer} ,
    url     = {https://golang.org/pkg/runtime/trace/}
}

@online{site:goVet,
    title   = {Vet - suspicious constructs report} ,
    url     = {https://golang.org/cmd/vet/}
}

@online{site:graphviz,
    title   = {Graphviz - Graph Visualization Software},
    url     = {https://www.graphviz.org/}
}

@online{site:wire-compile,
    title   = {Wire - Compile-time dependency injection for Go},
    url     = {https://github.com/google/wire}
}

@online{site:agile-manifesto,
    title   = {Manifesto Agile},
    url     = {http://agilemanifesto.org/iso/it/}
}

@online{site:hoare-csp,
    title   = {Hoare - Communicating Sequential Process},
    url     = {https://www.cs.cmu.edu/~crary/819-f09/Hoare78.pdf}
}

@online{site:sync-package,
    title   = {sync - synchronization primitives},
    url     = {https://golang.org/pkg/sync/}
}

@online{site:os-package,
    title   = {os - operating system functionality},
    url     = {https://golang.org/pkg/os/}
}

@online{site:go-tool,
    title   = {Go tool commands},
    url     = {https://golang.org/cmd/}
}

@online{site:go-analysis,
    title   = {Go analysis package},
    url     = {https://godoc.org/golang.org/x/tools/go/analysis}
}

@online{site:uml-wikipedia,
    title   = {UML - Linguaggio di modellazione},
    url     = {https://it.wikipedia.org/wiki/Linguaggio_di_modellazione}
}





